@misc{3DGems,
  title = {3D Gems: 3D Gazebo Models},
  howpublished = {\url{http://data.nvision2.eecs.yorku.ca/3DGEMS/}},
  note = {Accessed: 2018-09-23}
}

@misc{UdacityLesson15,
  author        = {Udacity},
  title         = {Lesson 15: Introduction to Mapping and SLAM},
  month         = {September},
  year          = {2018},
  publisher={Udacity}
}

@misc{UdacityLesson16,
  author        = {Udacity},
  title         = {Lesson 15: Occupancy Grid Mapping},
  month         = {September},
  year          = {2018},
  publisher={Udacity}
}

@misc{UdacityLesson17,
  author        = {Udacity},
  title         = {Lesson 17: Grid-based FastSLAM},
  month         = {September},
  year          = {2018},
  publisher={Udacity}
}


@misc{UdacityLesson18,
  author        = {Udacity},
  title         = {Lesson 18: GraphSLAM},
  month         = {September},
  year          = {2018},
  publisher={Udacity}
}

@misc{OccupancyWiki,
  title = {Occupancy grid mapping Wiki},
  howpublished = {\url{https://en.wikipedia.org/wiki/Occupancy_grid_mapping}},
  note = {Accessed: 2018-09-23}
}
